<record><leader>00000cas a2200000 a 4500</leader><controlfield tag="001">9721724</controlfield><controlfield tag="008">830720d19001915mduwr ne      0   a0eng c</controlfield><datafield ind1=" " ind2=" " tag="010"><subfield code="a">sn 83045756 </subfield></datafield><datafield ind1=" " ind2=" " tag="040"><subfield code="a">CRL</subfield><subfield code="b">eng</subfield><subfield code="c">CRL</subfield><subfield code="d">NPW</subfield><subfield code="d">NPI</subfield><subfield code="d">NPH</subfield><subfield code="d">NJW</subfield><subfield code="d">KNP</subfield><subfield code="d">MFN</subfield><subfield code="d">KNP</subfield><subfield code="d">CNK</subfield><subfield code="d">FUG</subfield><subfield code="d">NVK</subfield><subfield code="d">HUL</subfield><subfield code="d">NVF</subfield><subfield code="d">DLC</subfield><subfield code="d">DCN</subfield><subfield code="d">CVF</subfield><subfield code="d">OCL</subfield><subfield code="d">OCLCQ</subfield><subfield code="d">NYS</subfield><subfield code="d">CFI</subfield><subfield code="d">KRTAS</subfield><subfield code="d">OCLCQ</subfield><subfield code="d">OCLCF</subfield><subfield code="d">OCLCO</subfield><subfield code="d">DLC</subfield><subfield code="d">OCLCO</subfield></datafield><datafield ind1="0" ind2=" " tag="022"><subfield code="a">2473-5965</subfield><subfield code="2">1</subfield></datafield><datafield ind1="1" ind2=" " tag="029"><subfield code="a">AU@</subfield><subfield code="b">000020294871</subfield></datafield><datafield ind1=" " ind2=" " tag="042"><subfield code="a">pcc</subfield><subfield code="a">nsdp</subfield></datafield><datafield ind1=" " ind2=" " tag="043"><subfield code="a">n-us-md</subfield></datafield><datafield ind1="1" ind2="0" tag="050"><subfield code="a">ISSN RECORD</subfield></datafield><datafield ind1="1" ind2="4" tag="050"><subfield code="a">AN58.M6</subfield><subfield code="b">A2</subfield></datafield><datafield ind1="1" ind2="0" tag="082"><subfield code="a">071</subfield><subfield code="2">23</subfield></datafield><datafield ind1=" " ind2="0" tag="222"><subfield code="a">Afro-American ledger</subfield></datafield><datafield ind1="0" ind2="0" tag="245"><subfield code="a">Afro-American ledger.</subfield></datafield><datafield ind1=" " ind2=" " tag="260"><subfield code="a">Baltimore [Md.] :</subfield><subfield code="b">Afro-American Co.,</subfield><subfield code="c">-1915.</subfield></datafield><datafield ind1=" " ind2=" " tag="300"><subfield code="a">v.</subfield></datafield><datafield ind1=" " ind2=" " tag="310"><subfield code="a">Weekly</subfield></datafield><datafield ind1="1" ind2=" " tag="362"><subfield code="a">Began in Jan. 1900.</subfield></datafield><datafield ind1="0" ind2=" " tag="362"><subfield code="a">-v. 24, no. 15 (Dec. 4, 1915).</subfield></datafield><datafield ind1=" " ind2=" " tag="500"><subfield code="a">"Published every Saturday in the Interest of the Race."</subfield></datafield><datafield ind1=" " ind2=" " tag="588"><subfield code="a">Description based on: Vol. 10, no. 1 (Aug. 10, 1901); title from caption.</subfield></datafield><datafield ind1=" " ind2="0" tag="650"><subfield code="a">African Americans</subfield><subfield code="z">Maryland</subfield><subfield code="z">Baltimore</subfield><subfield code="v">Newspapers.</subfield></datafield><datafield ind1=" " ind2="0" tag="651"><subfield code="a">Baltimore (Md.)</subfield><subfield code="v">Newspapers.</subfield></datafield><datafield ind1=" " ind2="7" tag="650"><subfield code="a">African Americans.</subfield><subfield code="2">fast</subfield><subfield code="0">(OCoLC)fst00799558</subfield></datafield><datafield ind1=" " ind2="7" tag="651"><subfield code="a">Maryland</subfield><subfield code="z">Baltimore.</subfield><subfield code="2">fast</subfield><subfield code="0">(OCoLC)fst01204292</subfield></datafield><datafield ind1=" " ind2="7" tag="655"><subfield code="a">Newspapers.</subfield><subfield code="2">fast</subfield><subfield code="0">(OCoLC)fst01423814</subfield></datafield><datafield ind1=" " ind2=" " tag="752"><subfield code="a">United States</subfield><subfield code="b">Maryland</subfield><subfield code="d">Baltimore.</subfield></datafield><datafield ind1="0" ind2="4" tag="780"><subfield code="t">Afro-American (Baltimore, Md. : 1892)</subfield><subfield code="x">2473-5922</subfield><subfield code="w">(DLC)sn 83009626</subfield><subfield code="w">(OCoLC)9235910</subfield></datafield><datafield ind1="0" ind2="4" tag="780"><subfield code="t">Ledger (Baltimore, Md.)</subfield><subfield code="x">2473-5949</subfield><subfield code="w">(DLC)sn 83045833</subfield><subfield code="w">(OCoLC)9717406</subfield></datafield><datafield ind1="0" ind2="0" tag="785"><subfield code="t">Afro-American (Baltimore, Md. : 1915)</subfield><subfield code="x">2473-5973</subfield><subfield code="w">(DLC)sn 83045829</subfield><subfield code="w">(OCoLC)7642696</subfield></datafield><datafield ind1=" " ind2=" " tag="938"><subfield code="a">Kirtas Technologies, Inc.</subfield><subfield code="b">KRTS</subfield><subfield code="n">737121</subfield></datafield></record>